@Misc{YiMa2008,
    author = {Ma, Yi},
    title = {Lecture notes for course ECE553: Optimum Control Systems},
    year = {2008},
    organization = {Uniwersytet Illinois w Urbana-Champaign},
    location = {Champaign, Illinois, Stany Zjednoczone Ameryki},
    note = {Dostęp on-line: \texttt{http://yima.csl.illinois.edu/ECE553.html}\\
    Stan na: 15.08.2017 r.},
}

@Misc{Korytowski2015,
    author={Korytowski, Adam},
    title={Notatki z wykładów na przedmiot: Optymalizacja w Systemach Sterowania},
    year={2015},
    organization={Akademia Górniczo-Hutnicza im. S. Staszica},
    location={Kraków, Polska},
}

@Book{AthansOptCtrl,
    author = {Athans, Michael and Falb, Peter L.},
    title = {Optimal Control: An Introduction to the Theory and its Applications},
    publisher = {McGraw-Hill Book Company},
    address= {Nowy Jork, Stany Zjednoczone Ameryki},
    year = {1966},
    note = {Dostęp on-line: \texttt{https://archive.org/details/\\OptimalControlAnIntroductionToTheTheoryAndIitsApplications}\\
    Stan na: 15.08.2017 r.},
}

@Article{VakKek82,
    author = {Vakilzadeh, I. and Keshavarz A. A.},
    title = {Bang-Bang Control of a Second-Order Non-Linear Stable Plant with Second-Order Nonlinearity},
    journal = {Kybernetika},
    year = {1982},
    volume = {18},
    number = {1},
    note = {Dostęp on-line: \texttt{http://www.kybernetika.cz/content/1982/1/66/paper.pdf}.\\
    Stan na: 15.08.2017 r.},
}

@Article{BalSom83,
    author = {Balachandran, K. and Somasundaram, D.},
    title = {Bang-Bang Control of a Second-Order Non-Linear Stable Plant with Fourth-Order Nonlinearity},
    journal = {Kybernetika},
    year = {1983},
    volume = {19},
    number = {2},
    note = {Dostęp on-line: \texttt{http://www.kybernetika.cz/content/1983/2/158/paper.pdf}\\
    Stan na: 15.08.2017 r.},
}

@Article{Itik2016,
    author = {Itik, Mehmet},
    title = {Optimal control of nonlinear systems with input constraints using linear time varying approximations},
    journal = {Nonlinear Analysis: Modelling and Control},
    year = {2016},
    volume = {21},
    number = {3},
    note = {Dostęp on-line: \texttt{https://www.mii.lt/na/issues/NA\_2103/NA2137.pdf}\\
    Stan na: 15.08.2017 r.},
}
